<?xml version="1.0" encoding="UTF-8"?>
<marc21:record xmlns:marc21="http://www.loc.gov/MARC21/slim" xmlns:xsi="http://www.w3.org/2001/XMLSchema-instance" xsi:schemaLocation="http://www.loc.gov/MARC21/slim http://www.loc.gov/standards/marcxml/schema/MARC21slim.xsd">
   <marc21:leader>00000nkmaa  000005ak4500</marc21:leader>
   <marc21:controlfield tag="008">000000|19231938xx|||||||||||||||||d</marc21:controlfield>
   <marc21:datafield ind1=" " ind2=" " tag="035">
      <marc21:subfield code="a">(DSI-AAA)11895</marc21:subfield>
   </marc21:datafield>
   <marc21:datafield ind1=" " ind2=" " tag="040">
      <marc21:subfield code="a">DSI-AAA</marc21:subfield>
      <marc21:subfield code="e">gihc</marc21:subfield>
   </marc21:datafield>
   <marc21:datafield ind1=" " ind2=" " tag="098">
      <marc21:subfield code="a">Archives of American Art</marc21:subfield>
      <marc21:subfield code="b">AAA</marc21:subfield>
   </marc21:datafield>
   <marc21:datafield ind1="1" ind2="0" tag="245">
      <marc21:subfield code="a">John Milton Ramm in the East Indies</marc21:subfield>
   </marc21:datafield>
   <marc21:datafield ind1=" " ind2=" " tag="260">
      <marc21:subfield code="c">between 1923 and 1938</marc21:subfield>
   </marc21:datafield>
   <marc21:datafield ind1=" " ind2=" " tag="300">
      <marc21:subfield code="a">1 photographic print  :</marc21:subfield>
      <marc21:subfield code="b">b&amp;w ;</marc21:subfield>
      <marc21:subfield code="c">26 x 20 cm.</marc21:subfield>
   </marc21:datafield>
   <marc21:datafield ind1=" " ind2=" " tag="520">
      <marc21:subfield code="a">Photograph depicts John Milton Ramm drawing or writing aboard one of many merchant ships on which he traveled and worked. &lt;br&gt;Date range based on the years in which Ramm worked on merchant ships.</marc21:subfield>
   </marc21:datafield>
   <marc21:datafield ind1=" " ind2=" " tag="561">
      <marc21:subfield code="a" />
   </marc21:datafield>
   <marc21:datafield ind1=" " ind2=" " tag="590">
      <marc21:subfield code="a" />
   </marc21:datafield>
   <marc21:datafield ind1=" " ind2="0" tag="600">
      <marc21:subfield code="a">Ramm, John Milton</marc21:subfield>
      <marc21:subfield code="x" />
      <marc21:subfield code="2" />
   </marc21:datafield>
   <marc21:datafield ind1=" " ind2="7" tag="650">
      <marc21:subfield code="a">Boat travel</marc21:subfield>
      <marc21:subfield code="x" />
      <marc21:subfield code="2">AAA</marc21:subfield>
   </marc21:datafield>
   <marc21:datafield ind1=" " ind2="7" tag="655">
      <marc21:subfield code="a">Photographs</marc21:subfield>
      <marc21:subfield code="x" />
      <marc21:subfield code="2">AAA</marc21:subfield>
   </marc21:datafield>
   <marc21:datafield ind1=" " ind2=" " tag="773">
      <marc21:subfield code="t">John Milton Ramm papers</marc21:subfield>
      <marc21:subfield code="d">1900-1992</marc21:subfield>
   </marc21:datafield>
   <marc21:datafield ind1=" " ind2=" " tag="852">
      <marc21:subfield code="a">Archives of American Art, Smithsonian Institution</marc21:subfield>
      <marc21:subfield code="e">Washington, D.C. 20560</marc21:subfield>
   </marc21:datafield>
   <marc21:datafield ind1="4" ind2=" " tag="856">
      <marc21:subfield code="3">Record Link</marc21:subfield>
      <marc21:subfield code="u">http://www.aaa.si.edu/collections/items/detail/john-milton-ramm-east-indies-11895</marc21:subfield>
   </marc21:datafield>
   <marc21:datafield ind1="4" ind2=" " tag="856">
      <marc21:subfield code="3">Thumbnail</marc21:subfield>
      <marc21:subfield code="u">http://www.aaa.si.edu/assets/images/rammjohn/thumbnail/AAA_rammjohn_28817.jpg</marc21:subfield>
      <marc21:subfield code="x" />
   </marc21:datafield>
   <marc21:datafield ind1="4" ind2=" " tag="856">
      <marc21:subfield code="3">Fullsize</marc21:subfield>
      <marc21:subfield code="u">http://www.aaa.si.edu/assets/images/rammjohn/fullsize/AAA_rammjohn_28817.jpg</marc21:subfield>
      <marc21:subfield code="x" />
   </marc21:datafield>
   <marc21:datafield ind1="4" ind2=" " tag="856">
      <marc21:subfield code="3">Thumbnail</marc21:subfield>
      <marc21:subfield code="u">http://www.aaa.si.edu/assets/images/rammjohn/thumbnail/AAA_rammjohn_28818.jpg</marc21:subfield>
      <marc21:subfield code="x">1</marc21:subfield>
   </marc21:datafield>
   <marc21:datafield ind1="4" ind2=" " tag="856">
      <marc21:subfield code="3">Fullsize</marc21:subfield>
      <marc21:subfield code="u">http://www.aaa.si.edu/assets/images/rammjohn/fullsize/AAA_rammjohn_28818.jpg</marc21:subfield>
      <marc21:subfield code="x">1</marc21:subfield>
   </marc21:datafield>
</marc21:record>

